%BIBLIOGRAFÍA
@misc{conceptoCinematica,
	author       = {{Concepto.de}},
	title        = {Cinemática - Definición, tipos, fórmulas y ejemplos},
	year         = {n.d.},
	url          = {https://concepto.de/cinematica/},
	note         = {Accessed: 2025-05-23}
}

@misc{uclmFKIK,
	author       = {Carlos González},
	title        = {Cinemática directa e inversa},
	year         = {n.d.},
	url          = {https://www.esi.uclm.es/www/cglez/fundamentos3D/04.05.FKIK.html},
	note         = {Accessed: 2025-05-23},
	institution  = {Universidad de Castilla-La Mancha}
}

@misc{roboticossCinematica,
	author       = {{Roboticoss}},
	title        = {La cinemática en la robótica},
	year         = {n.d.},
	url          = {https://roboticoss.com/la-cinematica-en-la-robotica/},
	note         = {Accessed: 2025-05-23}
}

@misc{ubuntuROS,
	author       = {{Canonical Ltd.}},
	title        = {What is ROS?},
	year         = {n.d.},
	url          = {https://ubuntu.com/robotics/what-is-ros},
	note         = {Accessed: 2025-05-23}
}



@misc{rosNodeRoboticsBackend,
	author       = {{Robotics Backend}},
	title        = {What is a ROS Node?},
	year         = {n.d.},
	url          = {https://roboticsbackend.com/what-is-a-ros-node/},
	note         = {Accessed: 2025-05-23}
}


@misc{gazeboTheConstruct,
	author       = {{The Construct}},
	title        = {ROS in 5 mins: \#028 Gazebo Simulation},
	year         = {n.d.},
	url          = {https://www.theconstruct.ai/ros-5-mins-028-gazebo-simulation/},
	note         = {Accessed: 2025-05-23}
}


@misc{roboticsDynamics,
	author       = {{Robotics Explained}},
	title        = {Robot Dynamics},
	year         = {n.d.},
	url          = {https://robotics-explained.com/dynamics},
	note         = {Accessed: 2025-05-23}
}

@misc{modernRoboticsFriction,
	author       = {{Modern Robotics, Northwestern University}},
	title        = {12.2.1 Friction},
	year         = {n.d.},
	url          = {https://modernrobotics.northwestern.edu/nu-gm-book-resource/12-2-1-friction/},
	note         = {Accessed: 2025-05-23}
}

@misc{makinandoPerturbaciones,
	author       = {Makinando Vélez},
	title        = {Concepto de perturbación en un sistema de control},
	year         = {2019},
	url          = {https://makinandovelez.wordpress.com/2019/03/07/concepto-de-perturbacion-en-un-sistema-de-control-2/},
	note         = {Accessed: 2025-05-23}
}


