@book{grewal2014kalman,
	author = {Grewal, M. S. and Andrews, A. P.},
	title = {Kalman Filtering: Theory and Practice Using MATLAB},
	edition = {4th},
	year = {2014},
	publisher = {Wiley}
}

@book{kuo2017automatic,
	author = {Kuo, B. C. and Golnaraghi, F.},
	title = {Automatic Control Systems},
	edition = {9th},
	year = {2017},
	publisher = {Wiley}
}

@article{park2017design,
	author = {Park, H. and Lee, J.},
	title = {Design of a high-precision magnetometer using a vibrating sample magnetometer for geological applications},
	journal = {Journal of Applied Geophysics},
	volume = {138},
	pages = {118--124},
	year = {2017},
	doi = {10.1016/j.jappgeo.2017.02.009}
}

@article{wehr1999airborne,
	author = {Wehr, A. and Lohr, U.},
	title = {Airborne laser scanning—An introduction and overview},
	journal = {ISPRS Journal of Photogrammetry and Remote Sensing},
	volume = {54},
	number = {2--3},
	pages = {68--82},
	year = {1999},
	doi = {10.1016/S0924-2716(99)00008-7}
}

@book{siciliano2016springer,
	author = {Siciliano, B. and Khatib, O. and Dario, P.},
	title = {Springer Handbook of Robotics},
	edition = {2nd},
	year = {2016},
	publisher = {Springer}
}

@incollection{johnson2018sensores,
	author = {Johnson, M. and Perez, S.},
	title = {Sensores en sistemas robóticos},
	booktitle = {Sensores de Posición, Velocidad y Fuerza},
	pages = {121--135},
	year = {2018},
	publisher = {TechPress}
}

@article{bryant2019robotics,
	author = {Bryant, C. and Matshikiza, P.},
	title = {Robotics and autonomous systems in dynamic environments: The role of sensors in enhancing performance},
	journal = {International Journal of Robotics},
	volume = {34},
	number = {3},
	pages = {21--30},
	year = {2019},
	doi = {10.1016/j.ijrobot.2019.01.008}
}

@book{pfeiffer2021lidar,
	author = {Pfeiffer, H. and Robertson, D.},
	title = {LiDAR Technology and Its Applications in Autonomous Vehicles},
	year = {2021},
	publisher = {Cambridge University Press}
}
